% This file was created with JabRef 2.10.
% Encoding: UTF8


@Book{Serra1982,
  Title                    = {Image Analysis and Mathematical Morphology.},
  Author                   = {Serra, Jean},
  Publisher                = {London: academic press},
  Year                     = {1982},

  Owner                    = {yann},
  Timestamp                = {2006.10.25}
}

@Book{Soille2003,
  Title                    = {Morphological Image Analysis: Principles and Applications},
  Author                   = {Pierre Soille},
  Publisher                = {Springer-Verlag New York, Inc.},
  Year                     = {2003},

  Address                  = {Secaucus, NJ, USA},
  Edition                  = {2nd},

  ISBN                     = {3540429883},
  Owner                    = {yann},
  Timestamp                = {2006.10.25}
}

